@article{Brumley2010,
  author  = {Cha, Sang Kil and Pak, Brian and Brumley, David and Lipton, Richard Jay},
  title   = {Platform-independent programs},
  year    = {2010},
  journal = {Proceedings of the 17th ACM conference on Computer and communications security}}

@article{Bilar2007,
  author  = {Daniel Bilar},
  title   = {FINGERPRINTING MALICIOUS CODE THROUGH STATISTICAL OPCODE ANALYSIS},
  year    = {2007},
  journal = {International Journal of Electronic Security and Digital Forensics}}

@article{Preda2007,
  author  = {Preda, M.D. and Christodorescu, M. and Jha, S. and Debray, S},
  title   = {A Semantics-Based Approach to Malware Detection},
  year    = {2007},
  journal = {CONFERENCE RECORD OF THE ACM SYMPOSIUM ON PRINCIPLES OF PROGRAMMING LANGUAGES}}

@incollection{SysVElf,
  author    = {AT\&T},
  title     = {ELF Header},
  booktitle = {SYSTEM V APPLICATION BINARY INTERFACE},
  publisher = {The Santa Cruz Operation, Inc.},
  year      = {1997}}

@article{Scythale2007,
  author  = {Scythale},
  title   = {Hacking Deeper In The System},
  year    = {2007},
  journal = {Phrack 64}}

@inproceedings{PrintMe2011,
  author    = {Ang Cui and Jonathan Voris},
  title     = {Print Me If You Dare},
  booktitle = {28th Chaos Communication Congress Behind Enemy Lines},
  year      = {2011}}

@misc{FatELF,
  title  = {Fat{ELF}: Universal Binaries for Linux},
  author = {Icculus},
  year   = {2009},
  url    = {\url{http://icculus.org/fatelf/}}}

@techreport{Collberg1997, 
  author      = {Christian Collberg and Clark Thomborson and Douglas Low},
  title       = {A Taxonomy of Obfuscating Transformations},
  institution = {The University of Auckland},
  year        = {1997}}

@techreport{Christodorescu2005,
  author      = {Mihai Christodorescu and Johannes Kinder and Somesh Jha and Stefan Katzenbeisser and Helmut Veith and Technische Universit채t M체nchen},
  title       = {Malware normalization},
  institution = {IEEE Symposium on Security and Privacy},
  year        = {2005}}

@misc{Christodorescu2010,
  author = {Mihai Christodorescu and Johannes Kinder and Somesh Jha and Stefan Katzenbeisser and Helmut Veith and Technische Universit채t M체nchen},
  title  = {System for Malware Normalization and Detection},
  year   = {2010},
  institution = {{US} Patent Office},
  note   = {{US} Patent No. 20100011441A1}}

@inproceedings{Christodorescu2005:2,
   author    = {Christodorescu, Mihai and Jha, Somesh and Seshia, Sanjit A. and Song, Dawn and Bryant, Randal E.},
   title     = {Semantics-Aware Malware Detection},
   booktitle = {Proceedings of the 2005 IEEE Symposium on Security and Privacy},
   year      = {2005},
   pages     = {32--46},
   publisher = {IEEE Computer Society},
   address   = {Washington, DC, USA},
} 

